@preamble{ " \newcommand{\noop}[1]{} " } % a do-nothing command that serves a purpose
%% https://tex.stackexchange.com/questions/31384/how-to-enter-publications-in-press-or-submitted-to-in-bibtex

@article{kemis2019genetic,
  title={Genetic determinants of gut microbiota composition and bile acid profiles in mice},
  author = {Kemis, Julia H. and Linke, Vanessa and Barrett, Kelsey and Boehm, Frederick J. and Traeger, Lindsay L. and Keller, Mark P. and Rabaglia, Mary E. and Schueler, Kathryn and Stapleton, Donald S. and Gatti, Dan and Churchill, Gary and Amador-Noguez, Daniel and Russell, Jason and Yandell, Brian S. and Broman, Karl W. and Coon, Joshua and Attie, Alan D. and Rey, Federico E.},
  year = {\noop{3001}submitted}
}

@article{paulson2013metagenomeseq,
  title={metagenomeSeq: Statistical analysis for sparse high-throughput sequencing},
  author={Paulson, Joseph Nathaniel and Pop, M and Bravo, HC},
  journal={Bioconductor package},
  volume={1},
  number={0},
  year={2013}
}

@article{soller1976power,
  title={On the power of experimental designs for the detection of linkage between marker loci and quantitative loci in crosses between inbred lines},
  author={Soller, M and Brody, T and Genizi, A},
  journal={Theoretical and Applied Genetics},
  volume={47},
  number={1},
  pages={35--39},
  year={1976},
  publisher={Springer}
}

@article{desantis2006greengenes,
  title={Greengenes, a chimera-checked 16S rRNA gene database and workbench compatible with ARB},
  author={DeSantis, Todd Z and Hugenholtz, Philip and Larsen, Neils and Rojas, Mark and Brodie, Eoin L and Keller, Keith and Huber, Thomas and Dalevi, Daniel and Hu, Ping and Andersen, Gary L},
  journal={Applied and environmental microbiology},
  volume={72},
  number={7},
  pages={5069--5072},
  year={2006},
  publisher={Am Soc Microbiol}
}



@article{price2010fasttree,
  title={FastTree 2 approximately maximum-likelihood trees for large alignments},
  author={Price, Morgan N and Dehal, Paramvir S and Arkin, Adam P},
  journal={PloS one},
  volume={5},
  number={3},
  pages={e9490},
  year={2010},
  publisher={Public Library of Science}
}


@article{katoh2013mafft,
  title={MAFFT multiple sequence alignment software version 7: improvements in performance and usability},
  author={Katoh, Kazutaka and Standley, Daron M},
  journal={Molecular biology and evolution},
  volume={30},
  number={4},
  pages={772--780},
  year={2013},
  publisher={Society for Molecular Biology and Evolution}
}

@article{callahan2016dada2,
  title={DADA2: high-resolution sample inference from Illumina amplicon data},
  author={Callahan, Benjamin J and McMurdie, Paul J and Rosen, Michael J and Han, Andrew W and Johnson, Amy Jo A and Holmes, Susan P},
  journal={Nature methods},
  volume={13},
  number={7},
  pages={581},
  year={2016},
  publisher={Nature Publishing Group}
}


@techreport{bolyen2018qiime,
  title={QIIME 2: Reproducible, interactive, scalable, and extensible microbiome data science},
  author={Bolyen, Evan and Rideout, Jai Ram and Dillon, Matthew R and Bokulich, Nicholas A and Abnet, Christian and Al-Ghalith, Gabriel A and Alexander, Harriet and Alm, Eric J and Arumugam, Manimozhiyan and Asnicar, Francesco and others},
  year={2018},
  institution={PeerJ Preprints}
}

@article{neto2013modeling,
  title={Modeling causality for pairs of phenotypes in system genetics},
  author={Neto, Elias Chaibub and Broman, Aimee T and Keller, Mark P and Attie, Alan D and Zhang, Bin and Zhu, Jun and Yandell, Brian S},
  journal={Genetics},
  volume={193},
  number={3},
  pages={1003--1013},
  year={2013},
  publisher={Genetics Soc America}
}




@article{macdonald2007joint,
  title={Joint Estimates of QTL Effect and Frequency Using Synthetic Recombinant Populations of Drosophila melanogaster},
  author={Macdonald, Stuart J and Long, Anthony D},
  journal={Genetics},
  year={2007},
  volume={176},
  number={2},
  pages={1261-1281},
  url={http://www.genetics.org/content/176/2/1261},
  publisher={Genetics Soc America}
}

@article{king2017beavis,
  title={The Beavis effect in next-generation mapping panels in Drosophila melanogaster},
  author={King, Elizabeth G and Long, Anthony D},
  journal={G3: Genes, Genomes, Genetics},
  volume={7},
  number={6},
  pages={1643--1652},
  year={2017},
  publisher={G3: Genes, Genomes, Genetics}
}  


@article{king2012genetic,
  title={Genetic dissection of a model complex trait using the Drosophila Synthetic Population Resource},
  author={King, Elizabeth G and Merkes, Chris M and McNeil, Casey L and Hoofer, Steven R and Sen, Saunak and Broman, Karl W. and Long, Anthony D and Macdonald, Stuart J},
  journal={Genome research},
  pages={gr--134031},
  year={2012},
  publisher={Cold Spring Harbor Lab}
}  
@Manual{gemma2,
    title = {gemma2: Zhou \& Stephens (2014) GEMMA multivariate linear mixed model},
    author = {Frederick Boehm},
    note = {R package version 0.0.1},
    url = {https://github.com/fboehm/gemma2},
    year={2018}
  }

@article{corty2018qtl,
  title={QTL Mapping on a Background of Variance Heterogeneity},
  author={Corty, Robert W. and Valdar, William},
  journal={G3: Genes, Genomes, Genetics},
  volume={8},
  number={12},
  pages={3767-3782},
  year={2018},
  publisher={Genetics Soc America},
  url={http://www.g3journal.org/content/8/12/3767}
}

@article{ronnegaard2011detecting,
  title={Detecting major genetic loci controlling phenotypic variability in experimental crosses},
  author={R{\"o}nneg{\aa}rd, Lars and Valdar, William},
  journal={Genetics},
  volume={188},
  number={2},
  pages={435--447},
  year={2011},
  publisher={Genetics Soc America}
}
@article{broman2006x,
  title={The X chromosome in quantitative trait locus mapping},
  author={Broman, Karl W and Sen, {\'S}aunak and Owens, Sarah E and Manichaikul, Ani and Southard-Smith, E Michelle and Churchill, Gary A},
  journal={Genetics},
  volume={174},
  number={4},
  pages={2151--2158},
  year={2006},
  publisher={Genetics Soc America}
}


@book{harville1997matrix,
  title={Matrix algebra from a statistician's perspective},
  author={Harville, David A},
  volume={1},
  year={1997},
  publisher={Springer}
}
@book{gupta1999matrix,
  title={Matrix variate distributions},
  author={Gupta, Arjun K and Nagar, Daya K},
  volume={104},
  year={1999},
  publisher={CRC Press}
}

@incollection{jansen2007quantitative,
  author      = "Ritsert C. Jansen",
  title       = "Quantitative trait loci in inbred lines",
  editor      = "Balding, David J and Bishop, Martin and Cannings, Chris",
  booktitle   = "Handbook of statistical genetics",
  publisher   = "John Wiley \& Sons",
  year        = 2007,
  pages       = "587--622",
  chapter     = 18
}

@article{tian2016dissection,
  title={The dissection of expression quantitative trait locus hotspots},
  author={Tian, Jianan and Keller, Mark P and Broman, Aimee Teo and Kendziorski, Christina and Yandell, Brian S and Attie, Alan D and Broman, Karl W.},
  journal={Genetics},
  volume={202},
  number={4},
  pages={1563--1574},
  year={2016},
  publisher={Genetics Soc America}
}
@article{zhou2014efficient,
  title={Efficient multivariate linear mixed model algorithms for genome-wide association studies},
  author={Zhou, Xiang and Stephens, Matthew},
  journal={Nature methods},
  volume={11},
  number={4},
  pages={407--409},
  year={2014},
  publisher={Nature Research}
}


@phdthesis{wang2000simulation,
  title={Simulation study on the methods mapping quantitative trait loci in inbred line crosses},
  author={Wang, Shengchu},
  year={2000}, 
  url={http://statgen.ncsu.edu/~shchwang/Wang-Shengchu-Thesis.pdf}
}

@article{gumedze2011parameter,
  title={Parameter estimation and inference in the linear mixed model},
  author={Gumedze, FN and Dunne, TT},
  journal={Linear Algebra and its Applications},
  volume={435},
  number={8},
  pages={1920--1944},
  year={2011},
  publisher={Elsevier}
}

@article{gatti2014quantitative,
  title={Quantitative trait locus mapping methods for diversity outbred mice},
  author={Gatti, Daniel M and Svenson, Karen L and Shabalin, Andrey and Wu, Long-Yang and Valdar, William and Simecek, Petr and Goodwin, Neal and Cheng, Riyan and Pomp, Daniel and Palmer, Abraham and others},
  journal={G3: Genes, Genomes, Genetics},
  volume={4},
  number={9},
  pages={1623--1633},
  year={2014},
  publisher={G3: Genes, Genomes, Genetics}
}



@article{church2015sensitivity,
  title={Sensitivity to hepatotoxicity due to epigallocatechin gallate is affected by genetic background in diversity outbred mice},
  author={Church, Rachel J and Gatti, Daniel M and Urban, Thomas J and Long, Nanye and Yang, Xi and Shi, Qiang and Eaddy, J Scott and Mosedale, Merrie and Ballard, Shawn and Churchill, Gary A and others},
  journal={Food and Chemical Toxicology},
  volume={76},
  pages={19--26},
  year={2015},
  publisher={Elsevier}
}

@article{logan2013high,
  title={High-precision genetic mapping of behavioral traits in the diversity outbred mouse population},
  author={Logan, Ryan W and Robledo, Raymond F and Recla, Jill M and Philip, Vivek M and Bubier, Jason A and Jay, Jeremy J and Harwood, Carter and Wilcox, Troy and Gatti, Daniel M and Bult, Carol J and others},
  journal={Genes, Brain and Behavior},
  volume={12},
  number={4},
  pages={424--437},
  year={2013},
  publisher={Wiley Online Library}
}

@article{recla2014precise,
  title={Precise genetic mapping and integrative bioinformatics in Diversity Outbred mice reveals Hydin as a novel pain gene},
  author={Recla, Jill M and Robledo, Raymond F and Gatti, Daniel M and Bult, Carol J and Churchill, Gary A and Chesler, Elissa J},
  journal={Mammalian genome},
  volume={25},
  number={5-6},
  pages={211--222},
  year={2014},
  publisher={Springer}
}


@article{bogue2015collaborative,
  title={Collaborative cross and diversity outbred data resources in the mouse phenome database},
  author={Bogue, Molly A and Churchill, Gary A and Chesler, Elissa J},
  journal={Mammalian Genome},
  volume={26},
  number={9-10},
  pages={511--520},
  year={2015},
  publisher={Springer}
}

@article{gatti2017effects,
  title={The Effects of Sex and Diet on Physiology and Liver Gene Expression in Diversity Outbred Mice},
  author={Gatti, Daniel M and Simecek, Petr and Somes, Lisa and Jeffery, Clifton T and Vincent, Matthew J and Choi, Kwangbom and Chen, Xingyao and Churchill, Gary A and Svenson, Karen L},
  journal={bioRxiv},
  pages={098657},
  year={2017},
  publisher={Cold Spring Harbor Labs Journals}
}

@article{tyler2017epistatic,
  title={Epistatic networks jointly influence phenotypes related to metabolic disease and gene expression in diversity outbred mice},
  author={Tyler, Anna L and Ji, Bo and Gatti, Daniel M and Munger, Steven C and Churchill, Gary A and Svenson, Karen L and Carter, Gregory W},
  journal={Genetics},
  volume={206},
  number={2},
  pages={621--639},
  year={2017},
  publisher={Genetics Soc America}
}


@article{harrill2015idiosyncratic,
  title={Idiosyncratic Drug-Induced Liver Injury Potential of Zileuton is Detected in Diversity Outbred Mice},
  author={Harrill, Alison and Lyn-cook Jr, Lascelles and Gatti, Daniel and Luo, Shaoke and Churchill, Gary},
  journal={The FASEB Journal},
  volume={29},
  number={1 Supplement},
  pages={937--3},
  year={2015},
  publisher={FASEB}
}

@article{chesler2014out,
  title={Out of the bottleneck: the Diversity Outcross and Collaborative Cross mouse populations in behavioral genetics research},
  author={Chesler, Elissa J},
  journal={Mammalian genome},
  volume={25},
  number={1-2},
  pages={3--11},
  year={2014},
  publisher={Springer}
}

@article{churchill2004collaborative,
  title={The Collaborative Cross, a community resource for the genetic analysis of complex traits},
  author={Churchill, Gary A and Airey, David C and Allayee, Hooman and Angel, Joe M and Attie, Alan D and Beatty, Jackson and Beavis, William D and Belknap, John K and Bennett, Beth and Berrettini, Wade and others},
  journal={Nature genetics},
  volume={36},
  number={11},
  pages={1133--1137},
  year={2004},
  publisher={Nature Publishing Group}
}


@article{svenson2012high,
  title={High-resolution genetic mapping using the Mouse Diversity outbred population},
  author={Svenson, Karen L and Gatti, Daniel M and Valdar, William and Welsh, Catherine E and Cheng, Riyan and Chesler, Elissa J and Palmer, Abraham A and McMillan, Leonard and Churchill, Gary A},
  journal={Genetics},
  volume={190},
  number={2},
  pages={437--447},
  year={2012},
  publisher={Genetics Soc America}
}

@article{churchill2012diversity,
  title={The diversity outbred mouse population},
  author={Churchill, Gary A and Gatti, Daniel M and Munger, Steven C and Svenson, Karen L},
  journal={Mammalian genome},
  volume={23},
  number={9-10},
  pages={713--718},
  year={2012},
  publisher={Springer}
}

@article{chesler2016diversity,
  title={Diversity Outbred Mice at 21: Maintaining Allelic Variation in the Face of Selection},
  author={Chesler, Elissa J and Gatti, Daniel M and Morgan, Andrew P and Strobel, Marge and Trepanier, Laura and Oberbeck, Denesa and McWeeney, Shannon and Hitzemann, Robert and Ferris, Martin and McMullan, Rachel and others},
  journal={G3: Genes| Genomes| Genetics},
  pages={g3--116},
  year={2016},
  publisher={Genetics Society of America}
}

@article{watson1953molecular,
  title={Molecular structure of nucleic acids},
  author={Watson, James D and Crick, Francis HC},
  journal={Nature},
  volume={171},
  number={4356},
  pages={737--738},
  year={1953}
}

@article{lu1994agouti,
  title={Agouti protein is an antagonist of the melanocyte-stimulating-hormone receptor},
  author={Lu, Dongsi and Willard, Derril and Patel, Indravadan R and Kadwell, Sue and Overton, Laurie and Kost, Tom and Luther, Michael and Chen, Wenbiao and Woychik, Richard P and Wilkison, William O and others},
  journal={Nature},
  volume={371},
  number={6500},
  pages={799},
  year={1994},
  publisher={Nature Publishing Group}
}
@article{klebig1995ectopic,
  title={Ectopic expression of the agouti gene in transgenic mice causes obesity, features of type II diabetes, and yellow fur},
  author={Klebig, ML and Wilkinson, JE and Geisler, JG and Woychik, RP},
  journal={Proceedings of the National Academy of Sciences},
  volume={92},
  number={11},
  pages={4728--4732},
  year={1995},
  publisher={National Acad Sciences}
}

@article{huszar1997targeted,
  title={Targeted disruption of the melanocortin-4 receptor results in obesity in mice},
  author={Huszar, Dennis and Lynch, Catherine A and Fairchild-Huntress, Victoria and Dunmore, Judy H and Fang, Qing and Berkemeier, Lucy R and Gu, Wei and Kesterson, Robert A and Boston, Bruce A and Cone, Roger D and others},
  journal={Cell},
  volume={88},
  number={1},
  pages={131--141},
  year={1997},
  publisher={Elsevier}
}

@article{fani2014melanocortin,
  title={The melanocortin-4 receptor as target for obesity treatment: a systematic review of emerging pharmacological therapeutic options},
  author={Fani, L and Bak, S and Delhanty, Patric and Van Rossum, EFC and Van Den Akker, ELT},
  journal={International journal of obesity},
  volume={38},
  number={2},
  pages={163},
  year={2014},
  publisher={Nature Publishing Group}
}

@article{farooqi2003clinical,
  title={Clinical spectrum of obesity and mutations in the melanocortin 4 receptor gene},
  author={Farooqi, I Sadaf and Keogh, Julia M and Yeo, Giles SH and Lank, Emma J and Cheetham, Tim and O'rahilly, Stephen},
  journal={New England Journal of Medicine},
  volume={348},
  number={12},
  pages={1085--1095},
  year={2003},
  publisher={Mass Medical Soc}
}

@article{vaisse2000melanocortin,
  title={Melanocortin-4 receptor mutations are a frequent and heterogeneous cause of morbid obesity},
  author={Vaisse, Christian and Clement, Karine and Durand, Emmanuelle and Hercberg, Serge and Guy-Grand, Bernard and Froguel, Philippe},
  journal={The Journal of clinical investigation},
  volume={106},
  number={2},
  pages={253--262},
  year={2000},
  publisher={Am Soc Clin Investig}
}

@article{macneil2002role,
  title={The role of melanocortins in body weight regulation: opportunities for the treatment of obesity},
  author={MacNeil, Douglas J and Howard, Andrew D and Guan, Xiaoming and Fong, Tung M and Nargund, Ravi P and Bednarek, Maria A and Goulet, Mark T and Weinberg, David H and Strack, Alison M and Marsh, Donald J and others},
  journal={European journal of pharmacology},
  volume={450},
  number={1},
  pages={93--109},
  year={2002},
  publisher={Elsevier}
}

@article{mackay2009genetics,
  title={The genetics of quantitative traits: challenges and prospects},
  author={Mackay, Trudy FC and Stone, Eric A and Ayroles, Julien F},
  journal={Nature Reviews Genetics},
  volume={10},
  number={8},
  pages={565--577},
  year={2009},
  publisher={Nature Publishing Group}
}


@article{jiang1995multiple,
  title={Multiple trait analysis of genetic mapping for quantitative trait loci.},
  author={Jiang, Changjian and Zeng, Zhao-Bang},
  journal={Genetics},
  volume={140},
  number={3},
  pages={1111--1127},
  year={1995},
  publisher={Genetics Soc America}
}

@book{broman2009guide,
  title={A Guide to QTL Mapping with R/qtl},
  author={Broman, Karl W. and Sen, Saunak},
  volume={46},
  year={2009},
  publisher={Springer}
}

@article{attie2017how,
  title={How mice are indispensable for understanding obesity and diabetes genetics},
  author={Attie, Alan D and Churchill, Gary A and Nadeau, Joseph H},
  journal={Current opinion in endocrinology, diabetes, and obesity},
  volume={24},
  number={2},
  pages={83},
  year={2017},
  publisher={NIH Public Access}
}



@article{morgan2015mouse,
  title={The mouse universal genotyping array: from substrains to subspecies},
  author={Morgan, Andrew P and Fu, Chen-Ping and Kao, Chia-Yu and Welsh, Catherine E and Didion, John P and Yadgary, Liran and Hyacinth, Leeanna and Ferris, Martin T and Bell, Timothy A and Miller, Darla R and others},
  journal={G3: Genes| Genomes| Genetics},
  pages={g3--115},
  year={2015},
  publisher={Genetics Society of America}
}

@article{de2014genetics,
  title={GENETICS and G3: Community-Driven Science, Community-Driven Journals},
  author={de Koning, Dirk-Jan and McIntyre, Lauren M},
  journal={Genetics},
  volume={198},
  number={1},
  pages={1--2},
  year={2014},
  publisher={Genetics Soc America}
}

@article{cavanagh2008mutations,
  title={From mutations to MAGIC: resources for gene discovery, validation and delivery in crop plants},
  author={Cavanagh, Colin and Morell, Matthew and Mackay, Ian and Powell, Wayne},
  journal={Current opinion in plant biology},
  volume={11},
  number={2},
  pages={215--221},
  year={2008},
  publisher={Elsevier}
}

@article{shivakumar2018soybean,
  title={Soybean MAGIC population: a novel resource for genetics and plant breeding},
  author={Shivakumar, M and Giriraj Kumawat, Gireesh C and Ramesh, SV and Husain, SM},
  year={2018},
  publisher={Current Science}
}

@article{huang2012multiparent,
  title={A multiparent advanced generation inter-cross population for genetic analysis in wheat},
  author={Huang, Bevan E and George, Andrew W and Forrest, Kerrie L and Kilian, Andrzej and Hayden, Matthew J and Morell, Matthew K and Cavanagh, Colin R},
  journal={Plant biotechnology journal},
  volume={10},
  number={7},
  pages={826--839},
  year={2012},
  publisher={Wiley Online Library}
}

@article{huang2011analysis,
  title={Analysis of natural allelic variation in Arabidopsis using a multiparent recombinant inbred line population},
  author={Huang, Xueqing and Paulo, Maria-Joao and Boer, Martin and Effgen, Sigi and Keizer, Paul and Koornneef, Maarten and van Eeuwijk, Fred A},
  journal={Proceedings of the National Academy of Sciences},
  volume={108},
  number={11},
  pages={4488--4493},
  year={2011},
  publisher={National Acad Sciences}
}

@article{hill2012assessing,
  title={Assessing pleiotropy and its evolutionary consequences: pleiotropy is not necessarily limited, nor need it hinder the evolution of complexity},
  author={Hill, William G and Zhang, Xu-Sheng},
  journal={Nature Reviews Genetics},
  volume={13},
  number={4},
  pages={296--296},
  year={2012},
  publisher={Nature Publishing Group}
}


@article{lander1989mapping,
  title={Mapping mendelian factors underlying quantitative traits using RFLP linkage maps.},
  author={Lander, Eric S and Botstein, David},
  journal={Genetics},
  volume={121},
  number={1},
  pages={185--199},
  year={1989},
  publisher={Genetics Soc America}
}

@article{zeng1994precision,
  title={Precision mapping of quantitative trait loci.},
  author={Zeng, Zhao-Bang},
  journal={Genetics},
  volume={136},
  number={4},
  pages={1457--1468},
  year={1994},
  publisher={Genetics Soc America}
}

@article{zeng1993theoretical,
  title={Theoretical basis for separation of multiple linked gene effects in mapping quantitative trait loci},
  author={Zeng, Zhao-Bang},
  journal={Proceedings of the National Academy of Sciences},
  volume={90},
  number={23},
  pages={10972--10976},
  year={1993},
  publisher={National Acad Sciences}
}

@article{kao2000differences,
  title={On the differences between maximum likelihood and regression interval mapping in the analysis of quantitative trait loci},
  author={Kao, Chen-Hung},
  journal={Genetics},
  volume={156},
  number={2},
  pages={855--865},
  year={2000},
  publisher={Genetics Soc America}
}

@article{kao1999multiple,
  title={Multiple interval mapping for quantitative trait loci},
  author={Kao, Chen-Hung and Zeng, Zhao-Bang and Teasdale, Robert D},
  journal={Genetics},
  volume={152},
  number={3},
  pages={1203--1216},
  year={1999},
  publisher={Genetics Soc America}
}

@article{martinez1992estimating,
  title={Estimating the locations and the sizes of the effects of quantitative trait loci using flanking markers},
  author={Martinez, O and Curnow, RN},
  journal={Theoretical and Applied Genetics},
  volume={85},
  number={4},
  pages={480--488},
  year={1992},
  publisher={Springer}
}

@article{haley1992simple,
  title={A simple regression method for mapping quantitative trait loci in line crosses using flanking markers},
  author={Haley, Chris S and Knott, Sarah A},
  journal={Heredity},
  volume={69},
  number={4},
  pages={315--324},
  year={1992}
}
@article{lander1987construction,
  title={Construction of multilocus genetic linkage maps in humans},
  author={Lander, Eric S and Green, Philip},
  journal={Proceedings of the National Academy of Sciences},
  volume={84},
  number={8},
  pages={2363--2367},
  year={1987},
  publisher={National Acad Sciences}
}

@article{meng1993maximum,
  title={Maximum likelihood estimation via the ECM algorithm: A general framework},
  author={Meng, Xiao-Li and Rubin, Donald B},
  journal={Biometrika},
  volume={80},
  number={2},
  pages={267--278},
  year={1993},
  publisher={Oxford University Press}
}

@article{dempster1977maximum,
  title={Maximum likelihood from incomplete data via the EM algorithm},
  author={Dempster, Arthur P and Laird, Nan M and Rubin, Donald B},
  journal={Journal of the royal statistical society. Series B (methodological)},
  pages={1--38},
  year={1977},
  publisher={JSTOR}
}
@article{threadgill2002genetic,
  title={Genetic dissection of complex and quantitative traits: from fantasy to reality via a community effort},
  author={Threadgill, David W and Hunter, Kent W and Williams, Robert W},
  journal={Mammalian genome},
  volume={13},
  number={4},
  pages={175--178},
  year={2002},
  publisher={Springer}
}

@article{sturtevant1913linear,
  title={The linear arrangement of six sex-linked factors in Drosophila, as shown by their mode of association},
  author={Sturtevant, Alfred H},
  journal={Journal of experimental zoology},
  volume={14},
  number={1},
  pages={43--59},
  year={1913},
  publisher={Wiley Online Library}
}


@article{crow2007haldane,
  title={Haldane, Bailey, Taylor and recombinant-inbred lines},
  author={Crow, James F},
  journal={Genetics},
  volume={176},
  number={2},
  pages={729--732},
  year={2007},
  publisher={Genetics Soc America}
}

@article{haldane1931inbreeding,
  title={Inbreeding and linkage},
  author={Haldane, JBS and Waddington, CH},
  journal={Genetics},
  volume={16},
  number={4},
  pages={357},
  year={1931},
  publisher={Genetics Society of America}
}

@article{bailey1971recombinant,
  title={Recombinant inbred strains},
  author={Bailey, DW},
  journal={Transplantation},
  volume={11},
  number={3},
  pages={325--327},
  year={1971}
}

@article{threadgill2012ten,
  title={Ten years of the collaborative cross},
  author={Threadgill, David W and Churchill, Gary A},
  journal={Genetics},
  volume={190},
  number={2},
  pages={291--294},
  year={2012},
  publisher={Genetics Soc America}
}

@article{mair2015motivation,
  title={Motivation, values, and work design as drivers of participation in the R open source project for statistical computing},
  author={Mair, Patrick and Hofmann, Eva and Gruber, Kathrin and Hatzinger, Reinhold and Zeileis, Achim and Hornik, Kurt},
  journal={Proceedings of the National Academy of Sciences},
  volume={112},
  number={48},
  pages={14788--14792},
  year={2015},
  publisher={National Acad Sciences}
}


@article{ran2013genome,
  title={Genome engineering using the CRISPR-Cas9 system},
  author={Ran, F Ann and Hsu, Patrick D and Wright, Jason and Agarwala, Vineeta and Scott, David A and Zhang, Feng},
  journal={Nature protocols},
  volume={8},
  number={11},
  pages={2281--2308},
  year={2013},
  publisher={Nature Publishing Group}
}

@article{lippert2011fast,
  title={FaST linear mixed models for genome-wide association studies},
  author={Lippert, Christoph and Listgarten, Jennifer and Liu, Ying and Kadie, Carl M and Davidson, Robert I and Heckerman, David},
  journal={Nature methods},
  volume={8},
  number={10},
  pages={833--835},
  year={2011},
  publisher={Nature Publishing Group}
}

@article{kang2010variance,
  title={Variance component model to account for sample structure in genome-wide association studies},
  author={Kang, Hyun Min and Sul, Jae Hoon and Service, Susan K and Zaitlen, Noah A and Kong, Sit-yee and Freimer, Nelson B and Sabatti, Chiara and Eskin, Eleazar and others},
  journal={Nature genetics},
  volume={42},
  number={4},
  pages={348--354},
  year={2010},
  publisher={Nature Research}
}

@article{korol1995interval,
  title={Interval mapping of quantitative trait loci employing correlated trait complexes.},
  author={Korol, Abraham B and Ronin, Yefim I and Kirzhner, Valery M},
  journal={Genetics},
  volume={140},
  number={3},
  pages={1137--1147},
  year={1995},
  publisher={Genetics Soc America}
}



@article{zhou2012genome,
  title={Genome-wide efficient mixed-model analysis for association studies},
  author={Zhou, Xiang and Stephens, Matthew},
  journal={Nature genetics},
  volume={44},
  number={7},
  pages={821--824},
  year={2012},
  publisher={Nature Publishing Group}
}

@article{kang2008efficient,
  title={Efficient control of population structure in model organism association mapping},
  author={Kang, Hyun Min and Zaitlen, Noah A and Wade, Claire M and Kirby, Andrew and Heckerman, David and Daly, Mark J and Eskin, Eleazar},
  journal={Genetics},
  volume={178},
  number={3},
  pages={1709--1723},
  year={2008},
  publisher={Genetics Soc America}
}

@article{yang2014advantages,
  title={Advantages and pitfalls in the application of mixed-model association methods},
  author={Yang, Jian and Zaitlen, Noah A and Goddard, Michael E and Visscher, Peter M and Price, Alkes L},
  journal={Nature genetics},
  volume={46},
  number={2},
  pages={100--106},
  year={2014},
  publisher={Nature Research}
}


@article{martin2016review,
  title={Review: Population Structure in Genetic Studies: Confounding Factors and Mixed Models},
  author={Martin, Lana S and Eskin, Eleazar},
  journal={bioRxiv},
  pages={092106},
  year={2016},
  publisher={Cold Spring Harbor Labs Journals}
}

@article{visscher2016plethora,
  title={A plethora of pleiotropy across complex traits},
  author={Visscher, Peter M and Yang, Jian},
  journal={Nature Genetics},
  volume={48},
  pages={707--708},
  year={2016}
}

@article{attie2017mice,
  title={How mice are indispensable for understanding obesity and diabetes genetics.},
  author={Attie, Alan D and Churchill, Gary A and Nadeau, Joseph H},
  journal={Current Opinion in Endocrinology, Diabetes and Obesity},
  year={2017},
  publisher={LWW}
}

@article{flint2009genetic,
  title={Genetic architecture of quantitative traits in mice, flies, and humans},
  author={Flint, Jonathan and Mackay, Trudy FC},
  journal={Genome research},
  volume={19},
  number={5},
  pages={723--733},
  year={2009},
  publisher={Cold Spring Harbor Lab}
}

@article{international2007mouse,
  title={A mouse for all reasons},
  author={International Mouse Knockout Consortium},
  journal={Cell},
  volume={128},
  number={1},
  pages={9--13},
  year={2007},
  publisher={Elsevier}
}

@article{rana2003new,
  title={New insights into G-protein-coupled receptor signaling from the melanocortin receptor system},
  author={Rana, Brinda K},
  journal={Molecular pharmacology},
  volume={64},
  number={1},
  pages={1--4},
  year={2003},
  publisher={ASPET}
}


@article{knott2000multitrait,
  title={Multitrait least squares for quantitative trait loci detection},
  author={Knott, Sara A and Haley, Chris S},
  journal={Genetics},
  volume={156},
  number={2},
  pages={899--911},
  year={2000},
  publisher={Genetics Soc America}
}

@article{morgan2016mouse,
  title={The mouse universal genotyping array: from substrains to subspecies},
  author={Morgan, Andrew P and Fu, Chen-Ping and Kao, Chia-Yu and Welsh, Catherine E and Didion, John P and Yadgary, Liran and Hyacinth, Leeanna and Ferris, Martin T and Bell, Timothy A and Miller, Darla R and others},
  journal={G3: Genes, Genomes, Genetics},
  volume={6},
  number={2},
  pages={263--279},
  year={2016},
  publisher={G3: Genes, Genomes, Genetics}
}

@article{broman2012genotype,
  title={Genotype probabilities at intermediate generations in the construction of recombinant inbred lines},
  author={Broman, Karl W.},
  journal={Genetics},
  volume={190},
  number={2},
  pages={403--412},
  year={2012},
  publisher={Genetics Soc America}
}

@Manual{r,
    title = {R: A Language and Environment for Statistical Computing},
    author = {{R Core Team}},
    organization = {R Foundation for Statistical Computing},
    address = {Vienna, Austria},
    year = {2018},
    url = {https://www.R-project.org/},
  }
  
@article{porto2016evolution,
  title={Evolution of the Genotype-to-Phenotype Map and the Cost of Pleiotropy in Mammals},
  author={Porto, Arthur and Schmelter, Ryan and VandeBerg, John L and Marroig, Gabriel and Cheverud, James M},
  journal={Genetics},
  volume={204},
  number={4},
  pages={1601--1612},
  year={2016},
  publisher={Genetics Soc America}
}

@article{de2017back,
  title={Back to the Future: Multiparent Populations Provide the Key to Unlocking the Genetic Basis of Complex Traits},
  author={de Koning, Dirk-Jan and McIntyre, Lauren M},
  year={2017},
  publisher={Genetics Soc America},
  journal={Genetics},
  pages={527--529},
  volume={206}
}

@article{broman2012haplotype,
  title={Haplotype probabilities in advanced intercross populations},
  author={Broman, Karl W.},
  journal={G3: Genes, Genomes, Genetics},
  volume={2},
  number={2},
  pages={199--202},
  year={2012},
  publisher={G3: Genes, Genomes, Genetics}
}

@article{bonini2017sustained,
  title={The Sustained Impact of Model Organisms in Genetics and Epigenetics},
  author={Bonini, Nancy M and Berger, Shelley L},
  journal={Genetics},
  volume={205},
  number={1},
  pages={1--4},
  year={2017},
  publisher={Genetics Soc America}
}


@Manual{qtl2pleio,
    title = {qtl2pleio: Hypothesis test of close linkage vs pleiotropy in multiparental populations},
    author = {Frederick Boehm},
    year = {2018},
    note = {R package version 0.1.0},
  }
  
@Manual{qtl2data,
    title = {qtl2data},
    author = {Broman, Karl W.},
    year = {2018},
    note = {https://github.com/rqtl/qtl2data},
  }

@article{zeng2000genetic,
  title={Genetic architecture of a morphological shape difference between two Drosophila species},
  author={Zeng, Zhao-Bang and Liu, Jianjun and Stam, Lynn F and Kao, Chen-Hung and Mercer, John M and Laurie, Cathy C},
  journal={Genetics},
  volume={154},
  number={1},
  pages={299--310},
  year={2000},
  publisher={Genetics Soc America}
}  


@article{bogue2018mouse,
  title={Mouse Phenome Database: an integrative database and analysis suite for curated empirical phenotype data from laboratory mice},
  author={Bogue, Molly A and Grubb, Stephen C and Walton, David O and Philip, Vivek M and Kolishovski, Georgi and Stearns, Tim and Dunn, Matthew H and Skelly, Daniel A and Kadakkuzha, Beena and TeHennepe, Gregg and Kunde-Ramamoorthy, Govindarajan and Chesler, Elissa J},
  journal={Nucleic Acids Research},
  volume={46},
  issue={},
  pages={D843-D850},
  year={2018},
  publisher={Oxford University Press}
}

@article{tisne2017identification,
  title={Identification of Ganoderma disease resistance loci using natural field infection of an oil palm multiparental population},
  author={Tisne, Sebastien and Pomies, Virginie and Riou, Virginie and Syahputra, Indra and Cochard, Benoit and Denis, Marie},
  journal={G3: Genes, Genomes, Genetics},
  volume={7},
  number={6},
  pages={1683--1692},
  year={2017},
  publisher={G3: Genes, Genomes, Genetics}
}

@article{stanley2017genetic,
  title={Genetic dissection of nutrition-induced plasticity in insulin/insulin-like growth factor signaling and median life span in a Drosophila multiparent population},
  author={Stanley, Patrick D and Ngoma, Enoch and ODay, Siri and King, Elizabeth G},
  journal={Genetics},
  volume={206},
  number={2},
  pages={587--602},
  year={2017},
  publisher={Genetics Soc America}
}

@article{sugiyama2001concordance,
  title={Concordance of murine quantitative trait loci for salt-induced hypertension with rat and human loci},
  author={Sugiyama, Fumihiro and Churchill, Gary A and Higgins, David C and Johns, Conrado and Makaritsis, Konstatinos P and Gavras, Haralambos and Paigen, Beverly},
  journal={Genomics},
  volume={71},
  number={1},
  pages={70--77},
  year={2001},
  publisher={Elsevier}
}



@article{raghavan2017approaches,
  title={Approaches in Characterizing Genetic Structure and Mapping in a Rice Multiparental Population},
  author={Raghavan, Chitra and Mauleon, Ramil and Lacorte, Vanica and Jubay, Monalisa and Zaw, Hein and Bonifacio, Justine and Singh, Rakesh Kumar and Huang, B Emma and Leung, Hei},
  journal={G3: Genes, Genomes, Genetics},
  volume={7},
  number={6},
  pages={1721--1730},
  year={2017},
  publisher={G3: Genes, Genomes, Genetics}
}

@article{yu2008genetic,
  title={Genetic design and statistical power of nested association mapping in maize},
  author={Yu, Jianming and Holland, James B and McMullen, Michael D and Buckler, Edward S},
  journal={Genetics},
  volume={178},
  number={1},
  pages={539--551},
  year={2008},
  publisher={Genetics Soc America}
}

@article{cubillos2013high,
  title={High-resolution mapping of complex traits with a four-parent advanced intercross yeast population},
  author={Cubillos, Francisco A and Parts, Leopold and Salinas, Francisco and Bergstrom, Anders and Scovacricchi, Eugenio and Zia, Amin and Illingworth, Christopher JR and Mustonen, Ville and Ibstedt, Sebastian and Warringer, Jonas and others},
  journal={Genetics},
  volume={195},
  number={3},
  pages={1141--1155},
  year={2013},
  publisher={Genetics Soc America}
}

@article{kover2009multiparent,
  title={A multiparent advanced generation inter-cross to fine-map quantitative traits in Arabidopsis thaliana},
  author={Kover, Paula X and Valdar, William and Trakalo, Joseph and Scarcelli, Nora and Ehrenreich, Ian M and Purugganan, Michael D and Durrant, Caroline and Mott, Richard},
  journal={PLoS genetics},
  volume={5},
  number={7},
  pages={e1000551},
  year={2009},
  publisher={Public Library of Science}
}

@article{mackay2012drosophila,
  title={The Drosophila melanogaster genetic reference panel},
  author={Mackay, Trudy FC and Richards, Stephen and Stone, Eric A and Barbadilla, Antonio and Ayroles, Julien F and Zhu, Dianhui and Casillas, Sonia and Han, Yi and Magwire, Michael M and Cridland, Julie M and others},
  journal={Nature},
  volume={482},
  number={7384},
  pages={173},
  year={2012},
  publisher={Nature Publishing Group}
}

@article{didion2013deconstructing,
  title={Deconstructing Mus gemischus: advances in understanding ancestry, structure, and variation in the genome of the laboratory mouse},
  author={Didion, John P and de Villena, Fernando Pardo-Manuel},
  journal={Mammalian genome},
  volume={24},
  number={1-2},
  pages={1--20},
  year={2013},
  publisher={Springer}
}

@article{condor-practice,
   author    = "Douglas Thain and Todd Tannenbaum and Miron Livny",
   title     = "Distributed computing in practice: the Condor experience.",
   journal   = "Concurrency - Practice and Experience",
   volume    = "17",
   number    = "2-4",
   year      = "2005",
   pages     = "323-356",
}

@article{chick2016defining,
  title={Defining the consequences of genetic variation on a proteome-wide scale},
  author={Chick, Joel M and Munger, Steven C and Simecek, Petr and Huttlin, Edward L and Choi, Kwangbom and Gatti, Daniel M and Raghupathy, Narayanan and Svenson, Karen L and Churchill, Gary A and Gygi, Steven P},
  journal={Nature},
  volume={534},
  number={7608},
  pages={500},
  year={2016},
  publisher={Nature Publishing Group}
}
@techreport{broman2006use,
  title={Use of hidden Markov models for QTL mapping},
  author={Broman, Karl W.},
  number={125},
  institution={Johns Hopkins University Department of Biostatistics},
  url={http://biostats.bepress.com/jhubiostat/paper125},
  year={2006}
}



@article{crick1970central,
  title={Central dogma of molecular biology},
  author={Crick, Francis},
  journal={Nature},
  volume={227},
  number={5258},
  pages={561},
  year={1970},
  publisher={Nature Publishing Group}
}

@article{sax1923association,
  title={The association of size differences with seed-coat pattern and pigmentation in Phaseolus vulgaris},
  author={Sax, Karl},
  journal={Genetics},
  volume={8},
  number={6},
  pages={552},
  year={1923},
  publisher={Genetics Society of America}
}
@article{baum1970maximization,
  title={A maximization technique occurring in the statistical analysis of probabilistic functions of Markov chains},
  author={Baum, Leonard E and Petrie, Ted and Soules, George and Weiss, Norman},
  journal={The annals of mathematical statistics},
  volume={41},
  number={1},
  pages={164--171},
  year={1970},
  publisher={JSTOR}
}

@article{schaid2016statistical,
  title={Statistical methods for testing genetic pleiotropy},
  author={Schaid, Daniel J and Tong, Xingwei and Larrabee, Beth and Kennedy, Richard B and Poland, Gregory A and Sinnwell, Jason P},
  journal={Genetics},
  volume={204},
  number={2},
  pages={483--497},
  year={2016},
  publisher={Genetics Soc America}
}

@article{beavis1991quantitative,
  title={Quantitative trait loci for plant height in four maize populations and their associations with qualitative genetic loci},
  author={Beavis, WD and Grant, D and Albertsen, M and Fincher, R1},
  journal={Theoretical and Applied Genetics},
  volume={83},
  number={2},
  pages={141--145},
  year={1991},
  publisher={Springer}
}

@Manual{qtl2pattern,
    title = {qtl2pattern: Pattern Support for R/qtl2},
    author = {Brian S. Yandell},
    year = {2019},
    note = {R package version 0.7.0},
    url = {http://github.com/byandell/qtl2pattern},
  }


@article{beavis1998qtl,
  title={QTL analyses: power, precision, and accuracy},
  author={Beavis, William D},
  journal={Molecular dissection of complex traits},
  volume={1998},
  pages={145--162},
  year={1998}
}

@article{lande1990efficiency,
  title={Efficiency of marker-assisted selection in the improvement of quantitative traits.},
  author={Lande, Russell and Thompson, Robin},
  journal={Genetics},
  volume={124},
  number={3},
  pages={743--756},
  year={1990},
  publisher={Genetics Soc America}
}


@article{xu2003theoretical,
  title={Theoretical basis of the Beavis effect},
  author={Xu, Shizhong},
  journal={Genetics},
  volume={165},
  number={4},
  pages={2259--2268},
  year={2003},
  publisher={Genetics Soc America}
}

@inproceedings{beavis1994power,
  title={The power and deceit of QTL experiments: lessons from comparative QTL studies},
  author={Beavis, WD},
  booktitle={Proceedings of the forty-ninth annual corn and sorghum industry research conference},
  pages={250--266},
  year={1994},
  organization={Washington, DC}
}


@article{churchill1994empirical,
  title={Empirical threshold values for quantitative trait mapping.},
  author={Churchill, Gary A and Doerge, Rebecca W},
  journal={Genetics},
  volume={138},
  number={3},
  pages={963--971},
  year={1994},
  publisher={Genetics Soc America}
}

@article{keller2018genetic,
  title={Genetic Drivers of Pancreatic Islet Function},
  author={Keller, Mark P and Gatti, Daniel M and Schueler, Kathryn L and Rabaglia, Mary E and Stapleton, Donnie S and Simecek, Petr and Vincent, Matthew and Allen, Sadie and Broman, Aimee Teo and Bacher, Rhonda and others},
  journal={Genetics},
  pages={genetics--300864},
  year={2018},
  publisher={Genetics Soc America}
}

@Article{bates2013fast,
    title = {Fast and Elegant Numerical Linear Algebra Using the {RcppEigen} Package},
    author = {Douglas Bates and Dirk Eddelbuettel},
    journal = {Journal of Statistical Software},
    year = {2013},
    volume = {52},
    number = {5},
    pages = {1--24},
    url = {http://www.jstatsoft.org/v52/i05/},
  }



@article{eddelbuettel2011rcpp,
  title={Rcpp: Seamless R and C++ integration},
  author={Eddelbuettel, Dirk and Francois, Romain and Allaire, J and Chambers, John and Bates, Douglas and Ushey, Kevin},
  journal={Journal of Statistical Software},
  volume={40},
  number={8},
  pages={1--18},
  year={2011}
}

@article{collaborative2012genome,
  title={The genome architecture of the Collaborative Cross mouse genetic reference population},
  author={Collaborative Cross Consortium and others},
  journal={Genetics},
  volume={190},
  number={2},
  pages={389--401},
  year={2012},
  publisher={Genetics Soc America}
}


@article{hannah2018limmbo,
  title={LiMMBo: a simple, scalable approach for linear mixed models in high-dimensional genetic association studies},
  author={Meyer, Hannah Verena and Casale, Francesco Paolo and Stegle, Oliver and Birney, Ewan},
  journal={bioRxiv},
  pages={255497},
  year={2018},
  publisher={Cold Spring Harbor Laboratory}
}



@Article{wickham2011testthat,
    author = {Hadley Wickham},
    title = {testthat: Get Started with Testing},
    journal = {The R Journal},
    year = {2011},
    volume = {3},
    pages = {5--10},
    url = {https://journal.r-project.org/archive/2011-1/RJournal_2011-1_Wickham.pdf},
  }
@book{wickham2014advanced,
  title={Advanced R},
  author={Wickham, Hadley},
  year={2014},
  publisher={CRC Press}
}
@Manual{reticulate,
    title = {reticulate: Interface to Python},
    author = {JJ Allaire and Kevin Ushey and Yuan Tang},
    year = {2018},
    note = {R package version 1.6},
    url = {https://CRAN.R-project.org/package=reticulate},
  }

@article{schadt2005integrative,
  title={An integrative genomics approach to infer causal associations between gene expression and disease},
  author={Schadt, Eric E and Lamb, John and Yang, Xia and Zhu, Jun and Edwards, Steve and GuhaThakurta, Debraj and Sieberts, Solveig K and Monks, Stephanie and Reitman, Marc and Zhang, Chunsheng and others},
  journal={Nature genetics},
  volume={37},
  number={7},
  pages={710},
  year={2005},
  publisher={Nature Publishing Group}
}

@article{baron1986moderator,
  title={The moderator--mediator variable distinction in social psychological research: Conceptual, strategic, and statistical considerations.},
  author={Baron, Reuben M and Kenny, David A},
  journal={Journal of personality and social psychology},
  volume={51},
  number={6},
  pages={1173},
  year={1986},
  publisher={American Psychological Association}
}

@article{akaike1974new,
  title={A new look at the statistical model identification},
  author={Akaike, Hirotugu},
  journal={IEEE transactions on automatic control},
  volume={19},
  number={6},
  pages={716--723},
  year={1974},
  publisher={Ieee}
}

@article{ozsolak2011rna,
  title={RNA sequencing: advances, challenges and opportunities},
  author={Ozsolak, Fatih and Milos, Patrice M},
  journal={Nature reviews genetics},
  volume={12},
  number={2},
  pages={87},
  year={2011},
  publisher={Nature Publishing Group}
}

@article{han2012multi,
  title={Multi-dimensional mass spectrometry-based shotgun lipidomics and novel strategies for lipidomic analyses},
  author={Han, Xianlin and Yang, Kui and Gross, Richard W},
  journal={Mass spectrometry reviews},
  volume={31},
  number={1},
  pages={134--178},
  year={2012},
  publisher={Wiley Online Library}
}
@article{meyer1989restricted,
  title={Restricted maximum likelihood to estimate variance components for animal models with several random effects using a derivative-free algorithm},
  author={Meyer, Karin},
  journal={Genetics Selection Evolution},
  volume={21},
  number={3},
  pages={317},
  year={1989},
  publisher={BioMed Central}
}
@article{meyer1991estimating,
  title={Estimating variances and covariances for multivariate animal models by restricted maximum likelihood},
  author={Meyer, Karin},
  journal={Genetics Selection Evolution},
  volume={23},
  number={1},
  pages={67},
  year={1991},
  publisher={BioMed Central}
}
@inproceedings{crick1958protein,
  title={On protein synthesis},
  author={Crick, Francis HC},
  booktitle={Symp Soc Exp Biol},
  volume={12},
  number={138-63},
  pages={8},
  year={1958}
}


@book{vanderweele2015explanation,
    title = {Explanation in causal inference},
    author = {Tyler VanderWeele},
    year = {2015}
  }  

@article{efron1979,
  title={Bootstrap methods: another look at the jackknife},
  author={Efron, B},
  journal={The Annals of Statistics},
  volume={7},
  number={1},
  pages={1--26},
  year={1979}
}
@article{broman2019rqtl2,
  author = {Broman, Karl W. and D. M. Gatti and P. Simecek and N. A. Furlotte and P. Prins and S. Sen and B. S. Yandell and G. A. Churchill},
  title = {R/qtl2: Software for mapping quantitative trait loci with high-dimensional data and multi-parent populations},
  year = {2019},
  journal={Genetics, to appear}
}

@article{nadeau2019virtuous,
  title={The virtuous cycle of human genetics and mouse models in drug discovery},
  author={Nadeau, Joseph H and Auwerx, Johan},
  journal={Nature Reviews Drug Discovery},
  pages={1},
  year={2019},
  publisher={Nature Publishing Group}
}

@article{tyler2013cape,
  title={CAPE: an R package for combined analysis of pleiotropy and epistasis},
  author={Tyler, Anna L and Lu, Wei and Hendrick, Justin J and Philip, Vivek M and Carter, Gregory W},
  journal={PLoS computational biology},
  volume={9},
  number={10},
  pages={e1003270},
  year={2013},
  publisher={Public Library of Science}
}

@article{tyler2016weak,
  title={Weak epistasis generally stabilizes phenotypes in a mouse intercross},
  author={Tyler, Anna L and Donahue, Leah Rae and Churchill, Gary A and Carter, Gregory W},
  journal={PLoS genetics},
  volume={12},
  number={2},
  pages={e1005805},
  year={2016},
  publisher={Public Library of Science}
}
@article{smith2018modeling,
  title={Modeling Diversity: Do Homogeneous Laboratory Strains Limit Discovery?},
  author={Smith, Clare M and Sassetti, Christopher M},
  journal={Trends in microbiology},
  volume={26},
  number={11},
  pages={892--895},
  year={2018},
  publisher={Elsevier}
}

@article{tuttle2018comparing,
  title={Comparing phenotypic variation between inbred and outbred mice},
  author={Tuttle, Alexander H and Philip, Vivek M and Chesler, Elissa J and Mogil, Jeffrey S},
  journal={Nature methods},
  volume={15},
  number={12},
  pages={994},
  year={2018},
  publisher={Nature Publishing Group}
}

@article{fitzgerald2018future,
  title={The future of humans as model organisms},
  author={FitzGerald, Garret and Botstein, David and Califf, Robert and Collins, Rory and Peters, Keith and Van Bruggen, Nick and Rader, Dan},
  journal={Science},
  volume={361},
  number={6402},
  pages={552--553},
  year={2018},
  publisher={American Association for the Advancement of Science}
}
  
@article{recla2018genetic,
  title={Genetic mapping in Diversity Outbred mice identifies a Trpa1 variant influencing late phase formalin response},
  author={Recla, Jill M and Bubier, Jason A and Gatti, Daniel M and Ryan, Jennifer L and Long, Katie H and Robledo, Raymond F and Glidden, Nicole and Hou, Guoqiang and Churchill, Gary A and Maser, Richard S and others},
  journal={bioRxiv},
  pages={362855},
  year={2018},
  publisher={Cold Spring Harbor Laboratory}
}  

@book{henderson1984applications,
  title={Applications of linear models in animal breeding},
  author={Henderson, Charles R},
  volume={462},
  year={1984},
  publisher={University of Guelph}
}

@book{searle1998supplement,
  title={A Mathematical Supplement To C . R . Henderson's Book "Applications of Linear Models in Animal Breeding"},
  author={Searle, Shayle R.},
  year={1998},
  publisher={University of Guelph}
}

